
@book{newman2018networks,
  title={Networks},
  author={Newman, Mark},
  year={2018},
  publisher={Oxford University Press},
  address={Oxford, UK}
}

@article{katz1953new,
  title={A new status index derived from sociometric analysis},
  author={Katz, Leo},
  journal={Psychometrika},
  volume={18},
  pages={39--43},
  year={1953},
  publisher={Springer},
  doi={10.1007/BF02289026}
}

@article{grindrod2014dynamical,
  title={A dynamical systems view of network centrality},
  author={Grindrod, Peter and Higham, Desmond J},
  journal={Proceedings of the Royal Society A: Mathematical, Physical and Engineering Sciences},
  volume={470},
  pages={20130835},
  year={2014},
  publisher={The Royal Society Publishing},
  doi={10.1098/rspa.2013.0835}
}

@article{grindrod2011communicability,
  title = {Communicability across evolving networks},
  author = {Grindrod, Peter and Parsons, Mark C. and Higham, Desmond J. and Estrada, Ernesto},
  journal = {Phys. Rev. E},
  volume = {83},
  pages = {046120},
  numpages = {10},
  year = {2011},
  publisher = {American Physical Society},
  doi = {10.1103/PhysRevE.83.046120}
}

@article{grindrod2013matrix,
author = {Grindrod, Peter and Higham, Desmond J.},
title = {A Matrix Iteration for Dynamic Network Summaries},
journal = {SIAM Review},
volume = {55},
number = {1},
pages = {118-128},
year = {2013},
publisher={SIAM},
doi = {10.1137/110855715}
}

@book{higham2008functions,
  title={Functions of matrices: theory and computation},
  author={Higham, Nicholas J},
  year={2008},
  publisher={SIAM},
  address={Philadelphia, PA}
}

@misc{lifespan,
  author = {Bilton, Nick},
  title = {The Lifespan of a Link},
  howpublished = "\url{http://bits.blogs.nytimes.com/2011/09/07/the-lifespan-of-a-link/?_php=true&_type=blogs&_r=0}",
  year = {2011}, 
  note = "[Online; accessed 7-March-2023]"
}

@inproceedings{grinstein2008vast,
author = {Grinstein, Georges and Plaisant, Catherine and Laskowski, Sharon and O'Connell, Theresa and Scholtz, Jean and Whiting, Mark},
pages = {195-196},
year = {2008},
title = {VAST 2008 Challenge: Introducing mini-challenges},
journal = {VAST'08 - IEEE Symposium on Visual Analytics Science and Technology, Proceedings},
doi = {10.1109/VAST.2008.4677383}
}

@article{arrigo2022dynamic,
title = {Dynamic Katz and related network measures},
journal = {Linear Algebra and its Applications},
volume = {655},
pages = {159-185},
year = {2022},
publisher={Elsevier},
doi = {10.1016/j.laa.2022.08.022},
author = {Francesca Arrigo and Desmond J. Higham and Vanni Noferini and Ryan Wood}
}

@book{meyer2000matrix,
  title={Matrix analysis and applied linear algebra},
  author={Meyer, Carl D},
  year={2000},
  publisher={SIAM},
  address={Philadelphia, PA}
}

@article{albert2002statistical,
  title = {Statistical mechanics of complex networks},
  author = {Albert, R\'eka and Barab\'asi, Albert-L\'aszl\'o},
  journal = {Rev. Mod. Phys.},
  volume = {74},
  pages = {47--97},
  numpages = {0},
  year = {2002},
  month = {Jan},
  publisher = {American Physical Society},
  doi = {10.1103/RevModPhys.74.47}
}


@book{wasserman1994social,
  title={Social network analysis: Methods and applications},
  author={Wasserman, Stanley and Faust, Katherine},
  year={1994},
  publisher={Cambridge University Press},
  address={Cambridge, UK}
}

@article{brin1998anatomy,
title = {The anatomy of a large-scale hypertextual Web search engine},
journal = {Computer Networks and ISDN Systems},
volume = {30},
number = {1},
pages = {107-117},
year = {1998},
doi = {10.1016/S0169-7552(98)00110-X},
publisher={Elsevier},
author = {Sergey Brin and Lawrence Page}
}

@article{jeong2001lethality,
  title={Lethality and centrality in protein networks},
  author={Jeong, Hawoong and Mason, Sean P and Barab{\'a}si, A-L and Oltvai, Zoltan N},
  journal={Nature},
  volume={411},
  number={6833},
  pages={41--42},
  year={2001},
  publisher={Nature Publishing Group UK London},
  doi={10.1038/35075138}
}

@article{zachary1977information,
  title={An information flow model for conflict and fission in small groups},
  author={Zachary, Wayne W},
  journal={Journal of Anthropological Research},
  volume={33},
  number={4},
  pages={452--473},
  year={1977},
  publisher={University of New Mexico},
  doi={10.1086/jar.33.4.3629752}
}